<?xml version="1.0" encoding="UTF-8"?><collection xmlns="http://www.loc.gov/MARC21/slim"><record><leader>00357nam--2200121-i-4500</leader><controlfield tag="001">000042015</controlfield><controlfield tag="002">20161230</controlfield><controlfield tag="005">20161230201043</controlfield><controlfield tag="008">060222s1000------------r-----000-0-eng-d</controlfield><datafield ind1=" " ind2=" " tag="100"><subfield code="a">Smorodinsky,Ja.,Ho Tzo-hsiu</subfield></datafield><datafield ind1=" " ind2=" " tag="245"><subfield code="a">On the radiation corrections in the weak interaction processes</subfield></datafield><datafield ind1=" " ind2=" " tag="260"><subfield code="a">Dubna, Joint Inst.Fr Nuclear Research, 1960. 4p</subfield></datafield><datafield ind1=" " ind2=" " tag="852"><subfield code="a">6717</subfield></datafield></record></collection>